@inproceedings{hanke1999performance,
  title={The performance of concurrent red-black tree algorithms},
  author={Hanke, Sabine},
  booktitle={Algorithm Engineering: 3rd International Workshop, WAE'99 London, UK, July 19--21, 1999 Proceedings 3},
  pages={286--300},
  year={1999},
  organization={Springer}
}

@article{foster1973generalization,
  title={A generalization of AVL trees},
  author={Foster, Caxton C},
  journal={Communications of the ACM},
  volume={16},
  number={8},
  pages={513--517},
  year={1973},
  publisher={ACM New York, NY, USA}
}

@article{graefe2011modern,
  title={Modern B-tree techniques},
  author={Graefe, Goetz and others},
  journal={Foundations and Trends{\textregistered} in Databases},
  volume={3},
  number={4},
  pages={203--402},
  year={2011},
  publisher={Now Publishers, Inc.}
}

@inproceedings{sedgewick2008left,
  title={Left-leaning red-black trees},
  author={Sedgewick, Robert},
  booktitle={Dagstuhl Workshop on Data Structures},
  volume={17},
  year={2008}
}

@article{makinen1991survey,
  title={A survey on binary tree codings},
  author={M{\"a}kinen, Erkki},
  journal={The Computer Journal},
  volume={34},
  number={5},
  pages={438--443},
  year={1991},
  publisher={Oxford University Press}
}

@article{sedgewick2011algorithms,
  title={Algorithms (4th edn)},
  author={Sedgewick, Robert and Wayne, Kevin},
  journal={Google Scholar Google Scholar Digital Library Digital Library},
  year={2011}
}

@book{cs61b,
  author         = {Josh Hug},
  publisher      = {gitbook},
  title          = {Hug61B Spring 2019 Edition},
  year           = {2021},
  url={https://joshhug.gitbooks.io/hug61b}
}